
@book{dorf,
    title={Modern Control Systems},
    author={Dorf, Richard C. and Bishop, Robert H.},
    isbn={0-13-138310-8},
    edition={12},
    year={2011},
    publisher={Pearson Education, Inc.}
}

@book{guru,
    title={Electric Machinery and Transformers},
    author={Guru, B.S. and Hiziroglu, H.R.},
    isbn={9780195138900},
    edition={3},
    year={2001},
    publisher={Oxford University Press, Inc.}
}

@book{phillips,
    title={Digital Control System Analysis and Design},
    author={Phillips, C.L. and Nagle, H.T. and Chakrabortty, A.},
    isbn={1-292-06122-7},
    edition={4},
    year={2015},
    publisher={Pearson Education}
}

@misc{ctms,
title = {Control Tutorials for Matlab and Simulink; {I}ntroduction: {PID} Controller Design},
howpublished={\url{http://ctms.engin.umich.edu/CTMS/index.php?example=Introduction&section=ControlPID}}
}











@book{chapman,
    title={Electric Machinery Fundamentals},
    author={Chapman, S.J.},
    isbn={978-0-07-352954-7},
    edition={5},
    year={2012},
    publisher={McGraw-Hill}
}

@book{delToro1,
    title={Electrical engineering fundamentals},
    author={Del Toro, V.A},
    isbn={978-0-13-247131-2},
    edition={3},
    year={1986},
    publisher={Prentice Hall}
}

@book{delToro2,
    title={Electrical machines and power systems},
    author={Del Toro, V.},
    isbn={978-0-13-248709-2},
    edition={1},
    year={1985},
    publisher={Prentice Hall}
}

@book{wildi,
    title={Electrical machines, drives and power systems},
    author={Wildi, Theodore},
    isbn={0-13-196198-8},
    edition={6},
    year={2006},
    publisher={Pearson, Prentice Hall}
}
